<?xml version="1.0" encoding="UTF-8"?><collection xmlns="http://www.loc.gov/MARC21/slim"><record><leader>00656nam--2200193-i-4500</leader><controlfield tag="001">000017144</controlfield><controlfield tag="002">20161230</controlfield><controlfield tag="005">20170116135526</controlfield><controlfield tag="008">060222s1000------------r-----000-0-eng-d</controlfield><datafield ind1=" " ind2=" " tag="020"><subfield code="a">9971950693</subfield></datafield><datafield ind1=" " ind2=" " tag="040"><subfield code="a">IFIN-HH</subfield></datafield><datafield ind1=" " ind2=" " tag="080"><subfield code="a">539.142(061.3)</subfield></datafield><datafield ind1="1" ind2=" " tag="100"><subfield code="a">Bucurescu, D</subfield></datafield><datafield ind1="1" ind2="0" tag="245"><subfield code="a">Nuclear Collective Dynamics</subfield><subfield code="b">Lectures of the 1982 International Summer School of Nuclear Physics Poiana Brasov, Romania 26 August - 7 September 1982</subfield><subfield code="c">D. Bucurescu, V. Ceausescu, N.V. Zamfir (eds.)</subfield></datafield><datafield ind1=" " ind2=" " tag="260"><subfield code="a">Singaapore</subfield><subfield code="b">World Scientific Publishing</subfield><subfield code="c">1983</subfield></datafield><datafield ind1=" " ind2=" " tag="300"><subfield code="a">521P</subfield></datafield><datafield ind1="1" ind2=" " tag="700"><subfield code="a">Zamfir, N.V</subfield><subfield code="e">Ed</subfield></datafield><datafield ind1=" " ind2=" " tag="852"><subfield code="a">71221</subfield><subfield code="c">539.14</subfield></datafield><datafield ind1=" " ind2=" " tag="CAT"><subfield code="a">SYS</subfield><subfield code="c">20170116</subfield><subfield code="h">135526</subfield></datafield></record></collection>